<collection xmlns="http://www.loc.gov/MARC21/slim">
<record>
  <leader>00318na 0a22001091i 450 </leader>
  <controlfield tag="001">IT\ICCU\CNCE\054531</controlfield>
  <controlfield tag="005">20031112000000.0</controlfield>
  <datafield tag="100" ind1=" " ind2=" ">
    <subfield code="a">20031027             0itac0103    ba</subfield>
  </datafield>
  <datafield tag="101" ind1=" " ind2=" ">
    <subfield code="a">LAT</subfield>
  </datafield>
  <datafield tag="200" ind1="1" ind2=" ">
    <subfield code="a">℗Portii Latronis ℗In L. Catilinam declamatio</subfield>
  </datafield>
  <datafield tag="700" ind1=" " ind2="1">
    <subfield code="a">Latro,</subfield>
    <subfield code="b">Marcus Porcius</subfield>
    <subfield code="3">IT\ICCU\CNCA\013542</subfield>
  </datafield>
  <datafield tag="801" ind1=" " ind2="3">
    <subfield code="a">IT</subfield>
    <subfield code="b">ICCU</subfield>
    <subfield code="c">20201115</subfield>
  </datafield>
</record>
</collection>
